@InProceedings{barancikova:2014,
title = {{I}mproving {E}valuation of {E}nglish-{C}zech {MT} through {P}araphrasing},
author = {Petra Baran\v{c}\'{i}kov\'{a} and Rudolf Rosa and Ale\v{s} Tamchyna},
year = {2014},
crossref = {biblio:9thConference2014},
booktitle = {Proceedings of the 9th International Conference on Language Resources and Evaluation ({LREC} 2014)},
}

@proceedings{biblio:9thConference2014,
title = {Proceedings of the 9th International Conference on Language Resources and Evaluation ({LREC} 2014)},
year = {2014},
publisher = {European Language Resources Association},
address = {Reykjav{\'{i}}k, Iceland},
venue = {Harpa Conference Centre},
}

@article{meng:1992,
  title={Comparing Correlated Correlation Coefficients},
  author={Meng, Xiao-Li and Rosenthal, Robert and Rubin, Donald B},
  journal={Psychological bulletin},
  volume={111},
  number={1},
  pages={172},
  year={1992},
  publisher={American Psychological Association},
}

@inproceedings{bojar-grains,
 author = {Bojar, Ond\v{r}ej and Ercegov\v{c}evi\'{c}, Milo\v{s} and Popel, Martin and Zaidan, Omar F.},
 title = {{A} {G}rain of {S}alt for the {WMT} {M}anual {E}valuation},
 booktitle = {Proceedings of the Sixth Workshop on Statistical Machine Translation},
 series = {WMT '11},
 year = {2011},
 isbn = {978-1-937284-12-1},
 location = {Edinburgh, Scotland},
 pages = {1--11},
 numpages = {11},
 acmid = {2132962},
 publisher = {Association for Computational Linguistics},
 address = {Stroudsburg, PA, USA},
} 

@InProceedings{meteor-tables,
  author    = {Michael Denkowski and Alon Lavie},
  title     = {{METEOR-NEXT and the METEOR Paraphrase Tables: Improved Evaluation Support For Five Target Languages}},
  booktitle = {{Proceedings of the ACL 2010 Joint Workshop on Statistical Machine Translation and Metrics MATR}},
  year      = {2010},
}

@inproceedings{czeng,
  author = {
    Ond{\v{r}}ej Bojar and Zden{\v{e}}k {\v{Z}}abokrtsk{\'{y}} and
    Ond{\v{r}}ej Du{\v{s}}ek and Petra Galu{\v{s}}{\v{c}}{\'{a}}kov{\'{a}} and
    Martin Majli{\v{s}} and David Mare{\v{c}}ek and
    Ji{\v{r}}{\'{\i}} Mar{\v{s}}{\'{\i}}k and Michal Nov{\'{a}}k and
    Martin Popel and Ale{\v{s}} Tamchyna
  },
  title = {{The Joy of Parallelism with CzEng 1.0}},
  booktitle = {{Proc. of LREC}},
  HIDEorganization = {ELRA},
  HIDEaddress = {Istanbul, Turkey},
  HIDEmonth = may,
  publisher = {ELRA},
  year = {2012},
  pages = {3921-3928},
  HIDEisbn = {978-2-9517408-7-7},
}

@InProceedings{morce:2007,
  author =       {Drahom\'{i}ra Spoustov\'{a} and Jan Haji\v{c} and Jan Votrubec and Pavel Krbec and Pavel Kv\v{e}to\v{n}},
  title =        {{T}he {B}est of {T}wo {W}orlds: {C}ooperation of {S}tatistical and {R}ule-{B}ased {T}aggers for {Czech}},
  booktitle = {Proceedings of the Workshop on Balto-Slavonic Natural Language Processing, ACL 2007},
  pages =        {67--74},
  year =         {2007},
  address =      {Praha},
}

@inproceedings{pivoting,
 author = {Bannard, Colin and Callison-Burch, Chris},
 title = {{P}araphrasing with {B}ilingual {P}arallel {C}orpora},
 booktitle = {Proceedings of the 43rd Annual Meeting on Association for Computational Linguistics},
 series = {ACL '05},
 year = {2005},
 location = {Ann Arbor, Michigan},
 pages = {597--604},
 numpages = {8},
 doi = {10.3115/1219840.1219914},
 acmid = {1219914},
 publisher = {Association for Computational Linguistics},
 address = {Stroudsburg, PA, USA},
}


@InProceedings{meteor-wmt:2011,
  author    = {Michael Denkowski and Alon Lavie},
  title     = {{Meteor 1.3: Automatic Metric for Reliable Optimization and Evaluation of Machine Translation Systems}},
  booktitle = {{Proceedings of the EMNLP 2011 Workshop on Statistical Machine Translation}},
  year      = {2011},
}

@inproceedings{bojar-tackling-sparse-data,
 author = {Bojar, Ond\v{r}ej and Kos, Kamil and Mare\v{c}ek, David},
 title = {{Tackling Sparse Data Issue in Machine Translation Evaluation}},
 booktitle = {{Proceedings of the ACL 2010 Conference Short Papers}},
 series = {ACLShort '10},
 year = {2010},
 location = {Uppsala, Sweden},
 pages = {86--91},
 numpages = {6},
 acmid = {1858858},
 publisher = {Association for Computational Linguistics},
 address = {Stroudsburg, PA, USA},
} 

@InProceedings{wmt12,
  author    = {Callison-Burch, Chris  and  Koehn, Philipp  and  Monz, Christof  and  Post, Matt  and  Soricut, Radu  and  Specia, Lucia},
  title = {{Findings of the 2012 Workshop on Statistical Machine Translation}},
  booktitle = {{Seventh Workshop on Statistical Machine Translation}},
  year      = {2012},
  address   = {Montr{\'e}al, Canada},
  pages     = {10--51},
}

@inproceedings{kauchak,
 author = {Kauchak, David and Barzilay, Regina},
 title = {{Paraphrasing for Automatic Evaluation}},
 booktitle = {{Proceedings of the main conference on Human Language Technology Conference of the North American Chapter of the Association of Computational Linguistics}},
 series = {HLT-NAACL '06},
 year = {2006},
 location = {New York, New York},
 pages = {455--462},
 numpages = {8},
 doi = {10.3115/1220835.1220893},
 acmid = {1220893},
 publisher = {Association for Computational Linguistics},
 address = {Stroudsburg, PA, USA},
} 

@ARTICLE{wordnet,
    author = {George A. Miller},
    title = {{WordNet: A Lexical Database for English}},
    journal = {COMMUNICATIONS OF THE ACM},
    year = {1995},
    volume = {38},
    pages = {39--41}
}

@ARTICLE{czech-wordnet,
    author = {Karel Pala and Pavel Smr\v{z}},
    title = {{Building Czech WordNet}},
    journal = {In Romanian Journal of Information Science and Technology},
    year = {2004},
    volume = {7},
    pages = {79--88}
}

@inproceedings{bleu,
 author = {Papineni, Kishore and Roukos, Salim and Ward, Todd and Zhu, Wei-Jing},
 title = {{BLEU: A Method for Automatic Evaluation of Machine Translation}},
 booktitle = {{Proceedings of the 40th Annual Meeting on Association for Computational Linguistics}},
 series = {ACL '02},
 year = {2002},
 location = {Philadelphia, Pennsylvania},
 pages = {311--318},
 numpages = {8},
 doi = {10.3115/1073083.1073135},
 acmid = {1073135},
 publisher = {Association for Computational Linguistics},
 address = {Stroudsburg, PA, USA},
} 

@inproceedings{depfix,
 author = {Rosa, Rudolf and Mare\v{c}ek, David and Du\v{s}ek, Ond\v{r}ej},
 title = {{DEPFIX: A System for Automatic Correction of Czech MT Outputs}},
 booktitle = {{Proceedings of the Seventh Workshop on Statistical Machine Translation}},
 series = {WMT '12},
 year = {2012},
 location = {Montreal, Canada},
 pages = {362--368},
 numpages = {7},
 acmid = {2393066},
 publisher = {Association for Computational Linguistics},
 address = {Stroudsburg, PA, USA},
} 

@inproceedings{meteor07,
 author = {Lavie, Alon and Agarwal, Abhaya},
 title = {{Meteor: An Automatic Metric for MT Evaluation with High Levels of
	 Correlation with Human Judgments}},
 booktitle = {Proceedings of the Second Workshop on Statistical Machine Translation},
 series = {StatMT '07},
 year = {2007},
 location = {Prague, Czech Republic},
 pages = {228--231},
 numpages = {4},
 acmid = {1626389},
 publisher = {Association for Computational Linguistics},
 address = {Stroudsburg, PA, USA},
} 

@InProceedings{gizapp,
  title =	{{Improved Statistical Alignment Models}},
  author =	"Franz Josef Och and Hermann Ney",
  publisher =	"ACL",
  year = 	"2000",
  bibdate =	"2011-12-23",
  bibsource =	"DBLP,
		 http://dblp.uni-trier.de/db/conf/acl/acl2000.html#OchN00",
  booktitle =	"ACL",
}

@InProceedings{wmt13-metrics,
  author    = {Mach\'{a}\v{c}ek, Matou\v{s}  and  Bojar, Ond\v{r}ej},
  title     = {{Results of the {WMT13} Metrics Shared Task}},
  booktitle = {Proceedings of the Eighth Workshop on Statistical Machine Translation},
  month     = {August},
  year      = {2013},
  address   = {Sofia, Bulgaria},
  publisher = {Association for Computational Linguistics},
  pages     = {45--51},
}

@INPROCEEDINGS{Och99improvedalignment,
    author = {Franz Josef Och and Christoph Tillmann and Hermann Ney and Lehrstuhl Fiir Informatik},
    title = {{Improved Alignment Models for Statistical Machine Translation}},
    booktitle = {University of Maryland, College Park, MD},
    year = {1999},
    pages = {20--28}
}

@InProceedings{wmt13,
  author    = {Bojar, Ond\v{r}ej  and  Buck, Christian  and  Callison-Burch, Chris  and  Federmann, Christian  and  Haddow, Barry  and  Koehn, Philipp  and  Monz, Christof  and  Post, Matt  and  Soricut, Radu  and  Specia, Lucia},
  title     = {Findings of the 2013 {Workshop on Statistical Machine Translation}},
  booktitle = {Proceedings of the Eighth Workshop on Statistical Machine Translation},
  month     = {August},
  year      = {2013},
  address   = {Sofia, Bulgaria},
  publisher = {Association for Computational Linguistics},
  pages     = {1--44},
}

@InProceedings{wmt14,
  author    = {Bojar, Ond\v{r}ej and Buck, Christian and Federmann, Christian and Haddow, Barry and Koehn, Philipp and Mach\'{a}\v{c}ek, Matou\v{s} and Monz, Christof and Pecina, Pavel and Post, Matt and Saint-Amand, Herve and Soricut, Radu and Specia, Lucia},
  title     = {Findings of the 2014 {Workshop on Statistical Machine Translation}},
  booktitle = {Proceedings of the Ninth Workshop on Statistical Machine Translation},
  month     = {June},
  year      = {2014},
  address   = {Baltimore, USA},
  publisher = {Association for Computational Linguistics},
}

@inproceedings{nist,
 author = {Doddington, George},
 title = {{A}utomatic {E}valuation of {M}achine {T}ranslation {Q}uality {U}sing {N}-gram {C}o-occurrence {S}tatistics},
 booktitle = {Proceedings of the Second International Conference on Human Language Technology Research},
 series = {HLT '02},
 year = {2002},
 location = {San Diego, California},
 pages = {138--145},
 numpages = {8},
 acmid = {1289273},
 publisher = {Morgan Kaufmann Publishers Inc.},
 address = {San Francisco, CA, USA}
} 


